% put bibtex entries here!

@article{Schiff16,
  title={Regional monitoring programs in the United States: Synthesis of four case studies from Pacific, Atlantic, and Gulf Coasts},
  author={Schiff, Ken and Trowbridge, PR and Sherwood, ET and Tango, Peter and Batiuk, Rich A},
  journal={Regional Studies in Marine Science},
  volume={4},
  pages={A1--A7},
  year={2016},
  publisher={Elsevier}, 
  doi={10.1016/j.rsma.2015.11.007}
}

@Manual{DeCicco22,
    author = {Laura A. {De Cicco} and David Lorenz and Robert M. Hirsch and William Watkins and Mike Johnson},
    title = {dataRetrieval: R packages for discovering and retrieving water data available from U.S. federal hydrologic web services},
    publisher = {U.S. Geological Survey},
    address = {Reston, VA},
    version = {2.7.12},
    institution = {U.S. Geological Survey},
    year = {2022},
    doi = {10.5066/P9X4L3GE},
    url = {https://code.usgs.gov/water/dataRetrieval},
  }
  
@Manual{Allaire23,
    title = {rmarkdown: Dynamic Documents for R},
    author = {JJ Allaire and Yihui Xie and Christophe Dervieux and Jonathan McPherson and Javier Luraschi and Kevin Ushey and Aron Atkins and Hadley Wickham and Joe Cheng and Winston Chang and Richard Iannone},
    year = {2023},
    note = {R package version 2.21},
    url = {https://github.com/rstudio/rmarkdown},
  }
  
@Book{Xie15,
    title = {Dynamic Documents with {R} and knitr},
    author = {Yihui Xie},
    publisher = {Chapman and Hall/CRC},
    address = {Boca Raton, Florida},
    year = {2015},
    edition = {2nd},
    note = {ISBN 978-1498716963},
    url = {https://yihui.org/knitr/},
  }

@Book{Wickham16,
    author = {Hadley Wickham},
    title = {ggplot2: Elegant Graphics for Data Analysis},
    publisher = {Springer-Verlag New York},
    year = {2016},
    isbn = {978-3-319-24277-4},
    url = {https://ggplot2.tidyverse.org},
  }
